@book{lurie2009higher,
  title={Higher topos theory},
  author={Lurie, Jacob},
  year={2009},
  publisher={Princeton University Press}
}

@misc{lurie2017higher,
  title={Higher algebra, preprint 2014},
  author={Lurie, Jacob},
  year={2017}
}

@book{dimca2004sheaves,
  title={Sheaves in topology},
  author={Dimca, Alexandru},
  year={2004},
  publisher={Springer Science \& Business Media}
}

@article{robalo2012noncommutative,
  title={Noncommutative motives I: A universal characterization of the motivic stable homotopy theory of schemes},
  author={Robalo, Marco},
  journal={arXiv preprint arXiv:1206.3645},
  year={2012}
}

@book{maclane2012sheaves,
  title={Sheaves in geometry and logic: A first introduction to topos theory},
  author={MacLane, Saunders and Moerdijk, Ieke},
  year={2012},
  publisher={Springer Science \& Business Media}
}

@book{milne1980etale,
  title={Etale cohomology (PMS-33)},
  author={Milne, James S},
  number={33},
  year={1980},
  publisher={Princeton university press}
}

@book{dundas2007motivic,
  title={Motivic homotopy theory: lectures at a summer school in Nordfjordeid, Norway, August 2002},
  author={Dundas, Bjorn Ian and Levine, Marc and {\O}stv{\ae}r, Paul Arne and R{\"o}ndigs, Oliver and Voevodsky, Vladimir},
  year=2007,
  publisher={Springer Science \& Business Media}
}

@article{dugger2001universal,
  title={Universal homotopy theories},
  author={Dugger, Daniel},
  journal={Advances in Mathematics},
  volume={164},
  number={1},
  pages={144--176},
  year={2001},
  publisher={Elsevier}
}

@article{morel1999,
  title={A 1-homotopy theory of schemes},
  author={Morel, Fabien and Voevodsky, Vladimir},
  journal={Publications Math{\'e}matiques de l'Institut des Hautes {\'E}tudes Scientifiques},
  volume={90},
  number={1},
  pages={45--143},
  year={1999},
  publisher={Springer}
}